
@article{dunhill2024,
	title = {Extinction cascades, community collapse, and recovery across a Mesozoic hyperthermal event},
	author = {Dunhill, Alexander M. and Zarzyczny, Karolina and Shaw, Jack O. and Atkinson, Jed W. and Little, Crispin T. S. and Beckerman, Andrew P.},
	year = {2024},
	month = {10},
	date = {2024-10-04},
	journal = {Nature Communications},
	pages = {8599},
	volume = {15},
	number = {1},
	doi = {10.1038/s41467-024-53000-2},
	url = {https://www.nature.com/articles/s41467-024-53000-2},
	note = {Publisher: Nature Publishing Group},
	langid = {en}
}
