
@article{shaw2024,
	title = {A framework for reconstructing ancient food webs using functional trait data},
	author = {Shaw, Jack O. and Dunhill, Alexander M. and Beckerman, Andrew P. and Dunne, Jennifer A. and Hull, Pincelli M.},
	year = {2024},
	doi = {10.1101/2024.01.30.578036},
	langid = {en}
}

@article{williams2000,
	title = {Simple rules yield complex food webs},
	author = {Williams, Richard J. and Martinez, Neo D.},
	year = {2000},
	month = {03},
	date = {2000-03},
	journal = {Nature},
	pages = {180--183},
	volume = {404},
	number = {6774},
	doi = {10.1038/35004572},
	url = {https://www.nature.com/articles/35004572},
	note = {Number: 6774
Publisher: Nature Publishing Group},
	langid = {en}
}
